%% This BibTeX bibliography file was created using BibDesk.
%% http://bibdesk.sourceforge.net/


%% Created for Yufei Wang at 2014-09-20 21:10:42 -0700 


%% Saved with string encoding Unicode (UTF-8) 


@string{academic = {Academic Press}}

@string{acmmathsoft = {{ACM} Trans. Math. Software}}

@string{acmpress = {{ACM} Press}}

@string{adamhilger = {Adam Hilger}}

@string{addisonwesley = {Addison-Wesley}}

@string{allynbacon = {Allyn and Bacon}}

@string{amermathmonthly = {Amer. Math. Monthly}}

@string{amersocio = {American Journal of Sociology}}

@string{amerstatassoc = {J. Amer. Statist. Assoc.}}

@string{ams = {American Mathematical Society}}

@string{amstrans = {Amer. Math. Soc. Transl.}}

@string{applmathcomp = {Appl. Math. Comput.}}

@string{birkhauser = {Birkha{\"u}ser}}

@string{bit = {{BIT}}}

@string{britstatpsych = {Brit. J. Math. Statist. Psych.}}

@string{bullams = {Bull. Amer. Math. Soc.}}

@string{cacm = {Commun. {ACM}}}

@string{cambridgepress = {Cambridge University Press}}

@string{canmathbull = {Canad. Math. Bull.}}

@string{chelsea = {Chelsea}}

@string{claredonpress = {Claredon Press}}

@string{compapplmath = {J. Comput. Appl. Math.}}

@string{compjour = {Comput. J.}}

@string{compphys = {J. Comput. Phys.}}

@string{compserv = {Comput. Surveys}}

@string{compstruct = {Comput. \& Structures}}

@string{compsyssci = {J. Comput. System Sci.}}

@string{computer = {{IEEE} Computer}}

@string{computing = {Computing}}

@string{contempmath = {Contemp. Math.}}

@string{crelle = {Crelle's Journal}}

@string{doverpub = {Dover Publications}}

@string{eyolles = {Eyolles}}

@string{giornalemath = {Giorn. Mat.}}

@string{holtrinehartwinston = {Holt, Rinehart and Winston}}

@string{ieeespec = {{IEEE} Spectrum}}

@string{ieeetransac = {{IEEE} Trans. Automat. Control}}

@string{ieeetransaeroelec = {{IEEE} Trans. Aerospace Electron. Systems}}

@string{ieeetranscomp = {{IEEE} Trans. Comput.}}

@string{imanumerana = {{IMA} J. Numer. Anal.}}

@string{infproclet = {Inform. Process. Lett.}}

@string{instmathapp = {J. Inst. Math. Appl.}}

@string{intcontrol = {Internat. J. Control}}

@string{interscience = {Interscience}}

@string{intnumereng = {Internat. J. Numer. Methods Engrg.}}

@string{intsuper = {Internat. J. Supercomputing Applic.}}

@string{jacm = {J. ACM}}

@string{johnshopkinspress = {The Johns Hopkins University Press}}

@string{johnwileysons = {John Wiley and Sons}}

@string{jresnatburstand = {J. Res. Nat. Bur. Standards}}

@string{jsiam = {J. Soc. Indust. Appl. Math.}}

@string{jsiamb = {J. Soc. Indust. Appl. Math. Ser. B Numer. Anal.}}

@string{kibernetika = {Kibernetika}}

@string{linalgapp = {Linear Algebra Appl.}}

@string{macmillan = {Macmillan}}

@string{mathanaappl = {J. Math. Anal. Appl.}}

@string{mathannalen = {Math. Ann.}}

@string{mathcomp = {Math. Comp.}}

@string{mathphys = {J. Math. Phys.}}

@string{mathscand = {Math. Scand.}}

@string{mathworks = {The Math Works Inc.}}

@string{mcgrawhill = {McGraw-Hill}}

@string{natburstd = {National Bureau of Standards}}

@string{northholland = {North-Holland}}

@string{numermath = {Numer. Math.}}

@string{oxfordpress = {Oxford University Press}}

@string{pacificmath = {Pacific J. Math.}}

@string{parcomputing = {Parallel Comput.}}

@string{pardistcomp = {J. Parallel and Distrib. Comput.}}

@string{pergamonpress = {Pergamon Press}}

@string{philmag = {Philos. Mag.}}

@string{plenumpress = {Plenum Press}}

@string{prenticehall = {Prentice-Hall}}

@string{procams = {Proc. Amer. Math. Soc.}}

@string{procieee = {Proc. {IEEE}}}

@string{procnas = {Proc. Nat. Acad. Sci. U. S. A.}}

@string{psychometrika = {Psychometrika}}

@string{quartapplmath = {Quart. Appl. Math.}}

@string{quartmath = {Quart. J. Math. Oxford Ser. (2)}}

@string{revueinststat = {Rev. Inst. Internat. Statist.}}

@string{siamalgmeth = {{SIAM} J. Algebraic Discrete Methods}}

@string{siamappmath = {{SIAM} J. Appl. Math.}}

@string{siamcomp = {{SIAM} J. Comput.}}

@string{siammatrix = {{SIAM} J. Matrix Anal. Appl.}}

@string{siamnumanal = {{SIAM} J. Numer. Anal.}}

@string{siampub = {{SIAM} Publications}}

@string{siamreview = {{SIAM} Rev.}}

@string{siamscistat = {{SIAM} J. Sci. Statist. Comput.}}

@string{signum = {{ACM} {SIGNUM} Newslett.}}

@string{softpracexp = {Software Prac. Experience}}

@string{springer = {Springer-Verlag}}

@string{statscience = {Statist. Sci.}}

@string{tablesaidscomp = {Math. Tables Aids Comput.}}

@string{techno = {Technometrics}}

@string{texaspress = {University of Texas Press}}

@string{transams = {Trans. Amer. Math. Soc.}}

@string{ussrcompmathphys = {{U. S. S. R.} Comput. Math. and Math. Phys.}}

@string{vannostrand = {Van Nostrand}}

@string{vlsicompsys = {J. {VLSI} Comput. Syst.}}

@string{whfreeman = {W. H. Freeman and Co.}}

@string{zangewmathmech = {Z. Angew. Math. Mech.}}

@string{zangewmathphys = {Z. Angew. Math. Phys.}}


@conference{overfeat,
	Author = {Pierre Sermanet and David Eigen and Xiang Zhang and Michael Mathieu and Rob Fergus and Yann LeCun},
	Booktitle = {International Conference on Learning Representations (ICLR2014)},
	Date-Added = {2014-09-21 04:03:36 +0000},
	Date-Modified = {2014-09-21 04:10:42 +0000},
	Title = {OverFeat: Integrated Recognition, Localization and Detection using Convolutional Networks},
	Year = {2014}}

@inproceedings{happiest,
	Author = {Dhall, Abhinav and Joshi, Jyoti and Radwan, Ibrahim and Goecke, Roland},
	Booktitle = {ACCV 2},
	Date-Added = {2014-08-28 05:35:23 +0000},
	Date-Modified = {2014-08-28 05:37:48 +0000},
	Editor = {Lee, Kyoung Mu and Matsushita, Yasuyuki and Rehg, James M. and Hu, Zhanyi},
	Pages = {613-626},
	Publisher = {Springer},
	Title = {Finding Happiest Moments in a Social Context.},
	Volume = {7725},
	Year = {2012}}

@inproceedings{socialrelationship,
	Author = {Wang, Gang and Gallagher, Andrew C. and Luo, Jiebo and Forsyth, David A.},
	Booktitle = {ECCV},
	Date-Added = {2014-08-28 05:31:30 +0000},
	Date-Modified = {2014-08-28 05:33:14 +0000},
	Editor = {Daniilidis, Kostas and Maragos, Petros and Paragios, Nikos},
	Pages = {169-182},
	Publisher = {Springer},
	Title = {Seeing People in Social Context: Recognizing People and Social Relationships.},
	Volume = {6215},
	Year = {2010}}

@inproceedings{groupstructure,
	Author = {Gallagher, Andrew C. and Chen, Tsuhan},
	Booktitle = {CVPR},
	Date-Added = {2014-08-28 05:02:37 +0000},
	Date-Modified = {2014-08-28 05:04:50 +0000},
	Pages = {256-263},
	Publisher = {IEEE},
	Title = {Understanding images of groups of people.},
	Year = {2009}}

@techreport{finegrain,
	Author = {Gosselin, Philippe-Henri and Murray, Naila and J{\'e}gou, Herv{\'e} and Perronnin, Florent},
	Date-Added = {2014-08-28 04:19:48 +0000},
	Date-Modified = {2014-08-28 04:20:33 +0000},
	Institution = {INRIA},
	Month = {December},
	Number = {0},
	Title = {Inria+Xerox@FGcomp: Boosting the Fisher vector for fine-grained classification},
	Year = {2013}}

@article{decaf,
	Author = {Donahue, Jeff and Jia, Yangqing and Vinyals, Oriol and Hoffman, Judy and Zhang, Ning and Tzeng, Eric and Darrell, Trevor},
	Date-Added = {2014-08-28 02:01:11 +0000},
	Date-Modified = {2014-08-28 02:01:57 +0000},
	Journal = {CoRR},
	Keywords = {dblp},
	Title = {DeCAF: A Deep Convolutional Activation Feature for Generic Visual Recognition.},
	Volume = {abs/1310.1531},
	Year = {2013}}

@article{imagenet13,
	Author = {Zeiler, Matthew D. and Fergus, Rob},
	Date-Added = {2014-08-28 01:40:10 +0000},
	Date-Modified = {2014-08-28 01:42:42 +0000},
	Journal = {CoRR},
	Keywords = {dblp},
	Title = {Visualizing and Understanding Convolutional Networks.},
	Volume = {abs/1311.2901},
	Year = {2013}}

@inproceedings{ImageNet,
	Author = {Krizhevsky, Alex and Sutskever, Ilya and Hinton, Geoffrey E.},
	Booktitle = {NIPS},
	Date-Added = {2014-08-28 01:37:43 +0000},
	Date-Modified = {2014-09-21 02:32:38 +0000},
	Editor = {Bartlett, Peter L. and Pereira, Fernando C. N. and Burges, Christopher J. C. and Bottou, L{\'e}on and Weinberger, Kilian Q.},
	Pages = {1106-1114},
	Title = {ImageNet Classification with Deep Convolutional Neural Networks.},
	Year = {2012}}

@inproceedings{lecun98,
	Author = {LeCun, Yann and Bottou, L{\'e}on and Bengio, Yoshua and Haffner, Patrick},
	Booktitle = {Proceedings of the IEEE},
	Date-Added = {2014-08-28 01:19:58 +0000},
	Date-Modified = {2014-09-21 03:48:02 +0000},
	Keywords = {MSc character_recognition checked mnist network neural},
	Pages = {2278--2324},
	Title = {Gradient-Based Learning Applied to Document Recognition},
	Volume = {86(11)},
	Year = {1998}}

@article{lecun89,
	Author = {LeCun, Y. and Boser, B. and Denker, J. S. and Henderson, D. and Howard, R. E. and Hubbard, W. and Jackel, L. D.},
	Date-Added = {2014-08-28 01:11:15 +0000},
	Date-Modified = {2014-08-28 01:12:50 +0000},
	Journal = {Neural Computation},
	Keywords = {nnets},
	Pages = {541-551},
	Title = {Backpropagation Applied to Handwritten Zip Code Recognition},
	Volume = {1},
	Year = {1989}}

@inproceedings{urbantribe,
	Address = {Providence, RI},
	Author = {Ana C. Murillo and Iljung Sam Kwak and Lubomir Bourdev and David Kriegman and Serge Belongie},
	Booktitle = {CVPR Workshop on Socially Intelligent Surveillance and Monitoring (SISM)},
	Date-Added = {2014-08-27 18:53:46 +0000},
	Date-Modified = {2014-08-27 18:54:42 +0000},
	Month = {June},
	Title = {Urban Tribes: Analyzing Group Photos from a Social Perspective},
	Year = {2012}}

@inproceedings{urbantribe2,
	Address = {Bristol},
	Author = {Iljung Sam Kwak and Ana C. Murillo and Peter Belhumeur and Serge Belongie and David Kriegman},
	Booktitle = {British Machine Vision Conference (BMVC)},
	Date-Added = {2014-08-27 18:37:30 +0000},
	Date-Modified = {2014-08-27 18:55:09 +0000},
	Month = {September},
	Title = {From Bikers to Surfers: Visual Recognition of Urban Tribes},
	Year = {2013}}

@article{tsne,
	Author = {Laurens van der Maaten, Geoffrey Hinton},
	Date-Added = {2014-08-19 21:37:02 +0000},
	Date-Modified = {2014-08-19 21:37:42 +0000},
	Journal = {Journal of Machine Learning Research},
	Pages = {2579-2605},
	Title = {Visualizing Data using t-SNE},
	Volume = {9},
	Year = {November 2008}}

@article{liblinear,
	Author = {Rong-En Fan and Kai-Wei Chang and Cho-Jui Hsieh and Xiang-Rui Wang and Chih-Jen Lin},
	Date-Added = {2014-08-19 07:18:25 +0000},
	Date-Modified = {2014-08-19 07:20:10 +0000},
	Journal = {Journal of Machine Learning Research},
	Pages = {1871-1874},
	Title = {LIBLINEAR: A Library for Large Linear Classification},
	Volume = {9},
	Year = {2008}}

@misc{caffe,
	Author = {Yangqing Jia},
	Date-Added = {2014-08-05 19:15:04 +0000},
	Date-Modified = {2014-09-21 01:35:41 +0000},
	Howpublished = {http://caffe.berkeleyvision.org/},
	Title = {Caffe: An Open Source Convolutional Architecture for Fast Feature Embedding},
	Year = {2013}}

@article{googlenet,
	Author = {Christian Szegedy and Wei Liu and Yangqing Jia and Pierre Sermanet and Scott Reed adn Dragomir Anguelov and Dumitru Erhan and Vincent Vanhoucke and Andrew Rabinovich},
	Date-Modified = {2014-09-21 03:51:41 +0000},
	Eprint = {arXiv:1409.4842},
	Title = {{Going Deeper with Convolutions}},
	Year = {2014}}
@article{dropout,
  added-at = {2012-10-10T00:00:00.000+0200},
  author = {Hinton, Geoffrey E. and Srivastava, Nitish and Krizhevsky, Alex and Sutskever, Ilya and Salakhutdinov, Ruslan},
  biburl = {http://www.bibsonomy.org/bibtex/2852239c1ed83a86f637f80bc641333b6/dblp},
  ee = {http://arxiv.org/abs/1207.0580},
  interhash = {3e6590885191244531ef7ce34bb388d0},
  intrahash = {852239c1ed83a86f637f80bc641333b6},
  journal = {CoRR},
  keywords = {dblp},
  timestamp = {2012-10-10T00:00:00.000+0200},
  title = {Improving neural networks by preventing co-adaptation of feature detectors},
  url = {http://dblp.uni-trier.de/db/journals/corr/corr1207.html#abs-1207-0580},
  volume = {abs/1207.0580},
  year = 2012
}
@article{maxout,
	Author = {Ian J Goodfellow and David Warde-Farley and Mehdi Mirza and Aaron Courville and Yoshua Bengio},
	Eprint = {arXiv:1302.4389},
	Title = {{Maxout networks}},
	Year = {2013}}
@article{nin,
	Author = {Ian J Goodfellow and David Warde-Farley and Mehdi Mirza and Aaron Courville and Yoshua Bengio},
	Eprint = {arXiv:1312.4400},
	Title = {{Network in network}},
	Year = {2013}}
